@article{luckingham1984mask,
  title={To mask or not to mask: a note on the 1918 Spanish influenza epidemic in Tucson},
  author={Luckingham, Bradford},
  journal={The Journal of Arizona History},
  pages={191--204},
  year={1984},
  publisher={JSTOR}
}
@article{van2021duration,
  title={Duration and key determinants of infectious virus shedding in hospitalized patients with coronavirus disease-2019 (COVID-19)},
  author={van Kampen, Jeroen JA and van de Vijver, David AMC and Fraaij, Pieter LA and Haagmans, Bart L and Lamers, Mart M and Okba, Nisreen and van den Akker, Johannes PC and Endeman, Henrik and Gommers, Diederik AMPJ and Cornelissen, Jan J and others},
  journal={Nature communications},
  volume={12},
  number={1},
  pages={1--6},
  year={2021},
  publisher={Nature Publishing Group}
}
@book{martcheva2015introduction,
  title={An introduction to mathematical epidemiology},
  author={Martcheva, Maia},
  volume={61},
  year={2015},
  publisher={Springer}
}
@article{alimohamadi2020estimate,
  title={Estimate of the basic reproduction number for COVID-19: a systematic review and meta-analysis},
  author={Alimohamadi, Yousef and Taghdir, Maryam and Sepandi, Mojtaba},
  journal={Journal of Preventive Medicine and Public Health},
  volume={53},
  number={3},
  pages={151},
  year={2020},
  publisher={Korean Society for Preventive Medicine}
}
@article{howard2021evidence,
  title={An evidence review of face masks against COVID-19},
  author={Howard, Jeremy and Huang, Austin and Li, Zhiyuan and Tufekci, Zeynep and Zdimal, Vladimir and van der Westhuizen, Helene-Mari and von Delft, Arne and Price, Amy and Fridman, Lex and Tang, Lei-Han and others},
  journal={Proceedings of the National Academy of Sciences},
  volume={118},
  number={4},
  year={2021},
  publisher={National Acad Sciences}
}
@article{tian2021harnessing,
  title={Harnessing peak transmission around symptom onset for non-pharmaceutical intervention and containment of the COVID-19 pandemic},
  author={Tian, Liang and Li, Xuefei and Qi, Fei and Tang, Qian-Yuan and Tang, Viola and Liu, Jiang and Li, Zhiyuan and Cheng, Xingye and Li, Xuanxuan and Shi, Yingchen and others},
  journal={Nature communications},
  volume={12},
  number={1},
  pages={1--12},
  year={2021},
  publisher={Nature Publishing Group}
}
@article{morais2021filtration,
  title={Filtration efficiency of a large set of COVID-19 face masks commonly used in Brazil},
  author={Morais, Fernando G and Sakano, Victor K and Lima, Lucas N de and Franco, Marco A and Reis, Daniel Costa and Zanchetta, Liz M and Jorge, Fabio and Landulfo, Eduardo and Catalani, Luiz Henrique and Barbosa, Henrique MJ and others},
  journal={Aerosol Science and Technology},
  volume={55},
  number={9},
  pages={1028--1041},
  year={2021},
  publisher={Taylor \& Francis}
}
